% !TeX root = main.tex
@online{az5214,
  author = {MicroChemicals},
  title = {{AZ 5214 E} Product Data Sheet},
  year = 2015,
  url = {http://www.microchemicals.com/micro/az_5214e.pdf},
  urldate = {2015-05-29}
}